<?xml version="1.0" encoding="UTF-8"?><collection xmlns="http://www.loc.gov/MARC21/slim"><record><leader>00643nam--2200181-i-4500</leader><controlfield tag="001">000001058</controlfield><controlfield tag="002">20161230</controlfield><controlfield tag="005">20161230201024</controlfield><controlfield tag="008">060222s1000------------r-----000-0-fre-d</controlfield><datafield ind1=" " ind2=" " tag="040"><subfield code="a">IFIN-HH</subfield></datafield><datafield ind1=" " ind2=" " tag="041"><subfield code="a">fre</subfield></datafield><datafield ind1=" " ind2=" " tag="080"><subfield code="a">539.172(043)</subfield></datafield><datafield ind1="1" ind2=" " tag="100"><subfield code="a">Golicheff, Igor</subfield></datafield><datafield ind1="1" ind2="0" tag="245"><subfield code="a">Contribution a l'etude de la microanalyse par observation directe de reactions nucleaires. application a la mesure des gradients de concentration superficielle des elements legers dans les solides</subfield><subfield code="b">These</subfield><subfield code="c">Igor golicheff</subfield></datafield><datafield ind1=" " ind2=" " tag="260"><subfield code="a">Orsay</subfield><subfield code="b">Universite De Paris-sud</subfield><subfield code="c">1973</subfield></datafield><datafield ind1=" " ind2=" " tag="300"><subfield code="a">157 P. + 56 FIG</subfield></datafield><datafield ind1=" " ind2=" " tag="852"><subfield code="a">43382</subfield><subfield code="c">539.17</subfield></datafield><datafield ind1=" " ind2=" " tag="CAT"><subfield code="a">Sys</subfield><subfield code="c">20120614</subfield><subfield code="h">162140</subfield></datafield></record></collection>